<record><leader>00000cas a22000007a 4500</leader><controlfield tag="001">10739217</controlfield><controlfield tag="008">840516d18811941nhuwr ne      0    0eng  </controlfield><controlfield tag="009">466</controlfield><datafield ind1=" " ind2=" " tag="010"><subfield code="a">sn 84020388 </subfield></datafield><datafield ind1=" " ind2=" " tag="040"><subfield code="a">DLC</subfield><subfield code="b">eng</subfield><subfield code="c">DLC</subfield><subfield code="d">NPX</subfield><subfield code="d">NVH</subfield></datafield><datafield ind1="1" ind2=" " tag="029"><subfield code="a">AU@</subfield><subfield code="b">000025809512</subfield></datafield><datafield ind1=" " ind2=" " tag="042"><subfield code="a">msc</subfield></datafield><datafield ind1="0" ind2="0" tag="050"><subfield code="a">Newspaper 8701-X</subfield></datafield><datafield ind1="0" ind2="4" tag="245"><subfield code="a">The Claremont advocate.</subfield></datafield><datafield ind1=" " ind2=" " tag="260"><subfield code="a">Claremont, N.H. :</subfield><subfield code="b">R.E. Mussey,</subfield></datafield><datafield ind1=" " ind2=" " tag="300"><subfield code="a">v.</subfield></datafield><datafield ind1=" " ind2=" " tag="310"><subfield code="a">Weekly</subfield></datafield><datafield ind1="0" ind2=" " tag="362"><subfield code="a">Vol. 33, no. 28 (Dec. 2, 1881)-v. 92, no. 3 (May 8, 1941).</subfield></datafield><datafield ind1=" " ind2=" " tag="752"><subfield code="a">United States</subfield><subfield code="b">New Hampshire</subfield><subfield code="c">Sullivan</subfield><subfield code="d">Claremont.</subfield></datafield><datafield ind1="0" ind2="0" tag="780"><subfield code="t">Northern advocate (Winchester, N.H.)</subfield><subfield code="w">(DLC)sn 84023693</subfield></datafield><datafield ind1="0" ind2="5" tag="780"><subfield code="t">Walpole gazette</subfield><subfield code="w">(DLC)sn 91063831</subfield></datafield><datafield ind1="0" ind2="4" tag="785"><subfield code="t">Claremont daily eagle</subfield><subfield code="w">(DLC)sn 90062051</subfield></datafield></record>